@misc{reuters50x50,
    note    = "http://archive.ics.uci.edu/ml/datasets/Reuters\_50\_50"
}
@misc{sentiment_analysis,
    note    = "http://www.webmetricsguru.com/archives/2010/04/sentiment-analysis-best-done-by-humans"
}

@misc{polarity,
    note    =  "http://people.cs.pitt.edu/~wiebe/pubs/papers/emnlp05polarity.pdf"
}
